<?xml version="1.0" encoding="UTF-8"?><collection xmlns="http://www.loc.gov/MARC21/slim"><record><leader>00411nam--2200157-i-4500</leader><controlfield tag="001">000005149</controlfield><controlfield tag="002">20161230</controlfield><controlfield tag="005">20170209160842</controlfield><controlfield tag="008">060222s1000------------r-----000-0-eng-d</controlfield><datafield ind1=" " ind2=" " tag="100"><subfield code="a">Adda, Yves</subfield></datafield><datafield ind1=" " ind2=" " tag="245"><subfield code="a">Etude de l autodiffusion de l uranium en phase</subfield></datafield><datafield ind1=" " ind2=" " tag="260"><subfield code="a">Saclay, Centre D Etudes Nuclearies, 1960 2 P</subfield></datafield><datafield ind1=" " ind2=" " tag="490"><subfield code="a">1489</subfield></datafield><datafield ind1=" " ind2=" " tag="700"><subfield code="a">Kirianenko, A</subfield></datafield><datafield ind1=" " ind2=" " tag="852"><subfield code="a">13455</subfield></datafield><datafield ind1=" " ind2=" " tag="CAT"><subfield code="a">SYS</subfield><subfield code="c">20170209</subfield><subfield code="h">160842</subfield></datafield></record></collection>